<record><leader>00000cas a22000007a 4500</leader><controlfield tag="001">13287133</controlfield><controlfield tag="008">860312d19491961pauwr ne      0    0eng d</controlfield><datafield ind1=" " ind2=" " tag="010"><subfield code="a">sn 86081157 </subfield></datafield><datafield ind1=" " ind2=" " tag="040"><subfield code="a">NPH</subfield><subfield code="b">eng</subfield><subfield code="c">NPH</subfield><subfield code="d">OCLCQ</subfield></datafield><datafield ind1=" " ind2=" " tag="042"><subfield code="a">msc</subfield></datafield><datafield ind1="0" ind2="4" tag="245"><subfield code="a">The Free press-courier.</subfield></datafield><datafield ind1=" " ind2=" " tag="260"><subfield code="a">Westfield, Tioga County, Pa. :</subfield><subfield code="b">Frank W. Wood,</subfield><subfield code="c">1949-1961.</subfield></datafield><datafield ind1=" " ind2=" " tag="300"><subfield code="a">12 v. :</subfield><subfield code="b">ill. ;</subfield><subfield code="c">56 cm.</subfield></datafield><datafield ind1=" " ind2=" " tag="310"><subfield code="a">Weekly</subfield></datafield><datafield ind1="0" ind2=" " tag="362"><subfield code="a">Vol. 71, no. 19 (May 12, 1949)- ; 83rd yr., no. 21 (Oct. 12, 1961).</subfield></datafield><datafield ind1=" " ind2=" " tag="500"><subfield code="a">Published every Thursday.</subfield></datafield><datafield ind1=" " ind2=" " tag="500"><subfield code="a">"Serving the interests of thriving Cowanesque Valley."</subfield></datafield><datafield ind1=" " ind2=" " tag="752"><subfield code="a">United States</subfield><subfield code="b">Pennsylvania</subfield><subfield code="c">Tioga</subfield><subfield code="d">Westfield.</subfield></datafield><datafield ind1="0" ind2="0" tag="780"><subfield code="t">Free press-courier continuing the Westfield free press and Knoxville courier.</subfield><subfield code="w">(DLC)sn 86081158</subfield></datafield><datafield ind1="0" ind2="6" tag="785"><subfield code="t">Free press-courier (Galeton ed.)</subfield><subfield code="w">(DLC)sn 86081155</subfield></datafield><datafield ind1="0" ind2="6" tag="785"><subfield code="t">Free press-courier (Valley ed.)</subfield><subfield code="w">(DLC)sn 86081156</subfield></datafield></record>